@InProceedings{Local:ISIPS2017,
    author = {Lester James Miranda and Jinglu Hu},
    title = {Feature Extraction using Stacked Denoising Autoencoder for Protein Function Prediction},
    booktitle = {International Collaboration Symposium on Information, Production, and Systems 2017},
    OPTyear = {2017},
    OPTnote = {Japan}
}

@InProceedings{IEEE:TENCON2016,
    author = {Lester James Miranda and Marian Joice Gutierrez and Samuel Matthew Dumlao and Rosula Reyes},
    title = {Appliance Recognition using Hall Effect Sensors and k-Nearest Neighbors for Power Management Systems},
    booktitle = {IEEE Technical Conference 2016},
    OPTyear = {2016},
    OPTaddress = {Singapore},
    OPTnote = {Singapore}
}

@Article{Philo:EDEN,
    author = {Lester James Miranda},
    title = {Expulsion from Eden: the saga of the Calauit Safari Island Park},
    journal = {APEIRON Student Journal of Philosophy},
    year = {2016},
    OPTnumber = {8},
    OPTpages = {201-219}
}

@article{pyswarmsJOSS2018,
    author  = {Lester James V. Miranda},
    title   = "{P}y{S}warms, a research-toolkit for {P}article {S}warm {O}ptimization in {P}ython",
    journal = {Journal of Open Source Software},
    year    = {2018},
    volume  = {3},
    issue   = {21},
    doi     = {10.21105/joss.00433},
    url     = {https://doi.org/10.21105/joss.00433}
}
